<record><leader>00000cas a22000007a 4500</leader><controlfield tag="001">9870192</controlfield><controlfield tag="008">830901d18621917nyudn ne      0    0eng d</controlfield><controlfield tag="009">3781</controlfield><datafield ind1=" " ind2=" " tag="010"><subfield code="a">sn 83031387 </subfield></datafield><datafield ind1=" " ind2=" " tag="040"><subfield code="a">NPU</subfield><subfield code="b">eng</subfield><subfield code="c">NPU</subfield><subfield code="d">NPX</subfield><subfield code="d">NYS</subfield><subfield code="d">MGN</subfield><subfield code="d">NYS</subfield><subfield code="d">OCL</subfield><subfield code="d">KRTAS</subfield><subfield code="d">OCLCF</subfield><subfield code="d">OCLCO</subfield></datafield><datafield ind1=" " ind2=" " tag="042"><subfield code="a">msc</subfield></datafield><datafield ind1="0" ind2="4" tag="245"><subfield code="a">The Newburgh daily journal.</subfield></datafield><datafield ind1="0" ind2="3" tag="246"><subfield code="a">Newburgh journal</subfield></datafield><datafield ind1=" " ind2=" " tag="260"><subfield code="a">Newburgh, N.Y. :</subfield><subfield code="b">Cyrus B. Martin,</subfield><subfield code="c">1862-</subfield></datafield><datafield ind1=" " ind2=" " tag="300"><subfield code="a">v. :</subfield><subfield code="b">ill. ;</subfield><subfield code="c">51-62 cm.</subfield></datafield><datafield ind1=" " ind2=" " tag="310"><subfield code="a">Daily (except Sunday)</subfield></datafield><datafield ind1="0" ind2=" " tag="362"><subfield code="a">Vol. 1, no. 1 (July 5, 1862)-</subfield></datafield><datafield ind1="1" ind2=" " tag="362"><subfield code="a">Ceased June 30, 1917.</subfield></datafield><datafield ind1=" " ind2=" " tag="500"><subfield code="a">"Daily" appears above title ornament, &lt;1864-1867&gt;; &lt;1870-1872&gt;; &lt;1876-1897&gt;.</subfield></datafield><datafield ind1=" " ind2=" " tag="500"><subfield code="a">Publishers: Cyrus B. Martin, 1862-&lt;1864&gt;; Ritchie, Bodine &amp; Hull, &lt;1877&gt;; Ritchie &amp; Hull, &lt;1878-1883&gt;.</subfield></datafield><datafield ind1=" " ind2=" " tag="500"><subfield code="a">Editor: Cyrus B. Martin, 1862-&lt;1876&gt;.</subfield></datafield><datafield ind1=" " ind2=" " tag="500"><subfield code="a">Republican.</subfield></datafield><datafield ind1=" " ind2="0" tag="651"><subfield code="a">Newburgh (N.Y.)</subfield><subfield code="v">Newspapers.</subfield></datafield><datafield ind1=" " ind2="0" tag="651"><subfield code="a">Orange County (N.Y.)</subfield><subfield code="v">Newspapers.</subfield></datafield><datafield ind1=" " ind2="7" tag="655"><subfield code="a">Newspapers.</subfield><subfield code="2">fast</subfield><subfield code="0">(OCoLC)fst01423814</subfield></datafield><datafield ind1=" " ind2="7" tag="651"><subfield code="a">New York (State)</subfield><subfield code="z">Newburgh.</subfield><subfield code="2">fast</subfield><subfield code="0">(OCoLC)fst01215294</subfield></datafield><datafield ind1=" " ind2="7" tag="651"><subfield code="a">New York (State)</subfield><subfield code="z">Orange County.</subfield><subfield code="2">fast</subfield><subfield code="0">(OCoLC)fst01206784</subfield></datafield><datafield ind1=" " ind2=" " tag="752"><subfield code="a">United States</subfield><subfield code="b">New York</subfield><subfield code="c">Orange</subfield><subfield code="d">Newburgh.</subfield></datafield><datafield ind1="0" ind2=" " tag="775"><subfield code="t">Newburgh weekly journal</subfield><subfield code="w">(DLC)sn 85026899</subfield></datafield><datafield ind1="0" ind2=" " tag="775"><subfield code="t">Newburgh semi-weekly journal</subfield><subfield code="w">(DLC)sn 89071399</subfield><subfield code="w">(OCoLC)20360462</subfield></datafield><datafield ind1="0" ind2="7" tag="785"><subfield code="t">Newburgh daily news (Newburgh, N.Y. : 1885)</subfield><subfield code="w">(DLC)sn 83031341</subfield><subfield code="w">(OCoLC)9837809</subfield></datafield><datafield ind1="0" ind2="7" tag="785"><subfield code="t">Newburgh daily news and Newburgh daily journal</subfield><subfield code="w">(DLC)sn 91066934</subfield><subfield code="w">(OCoLC)24367641</subfield></datafield><datafield ind1=" " ind2=" " tag="936"><subfield code="a">June 29, 1817 LIC</subfield></datafield><datafield ind1=" " ind2=" " tag="938"><subfield code="a">Kirtas Technologies, Inc.</subfield><subfield code="b">KRTS</subfield><subfield code="n">737398</subfield></datafield></record>